@misc{hunhold2024beatingpositsgametakum,
      title={Beating Posits at Their Own Game: Takum Arithmetic}, 
      author={Laslo Hunhold},
      year={2024},
      eprint={2404.18603},
      archivePrefix={arXiv},
      primaryClass={math.NA},
      url={https://arxiv.org/abs/2404.18603}, 
}
@misc{gautschi2016nearthresholdriscvcoredsp,
      title={A near-threshold RISC-V core with DSP extensions for scalable IoT Endpoint Devices}, 
      author={Michael Gautschi and Pasquale Davide Schiavone and Andreas Traber and Igor Loi and Antonio Pullini and Davide Rossi and Eric Flamand and Frank K. Gurkaynak and Luca Benini},
      year={2016},
      eprint={1608.08376},
      archivePrefix={arXiv},
      primaryClass={cs.AR},
      url={https://arxiv.org/abs/1608.08376}, 
}